@article{Sijabat2018NoTitle,
    title = {{@仙台No Title}},
    year = {2018},
    author = {Sijabat, Theresia Wulan Sari},
    url = {http://www.nhi.nu/nl/files/8214/2675/0543/NHI_LHM_Programma_van_Wensen_2015-2018_website_versie.pdf}
}

@article{Saylam2017AssessmentSlope,
    title = {{Assessment of depth and turbidity with airborne Lidar bathymetry and multiband satellite imagery in shallow water bodies of the Alaskan North Slope}},
    year = {2017},
    journal = {International Journal of Applied Earth Observation and Geoinformation},
    author = {Saylam, Kutalmis and Brown, Rebecca A. and Hupp, John R.},
    month = {6},
    pages = {191--200},
    volume = {58},
    publisher = {Elsevier},
    url = {https://www.sciencedirect.com/science/article/pii/S0303243417300387},
    doi = {10.1016/J.JAG.2017.02.012},
    issn = {0303-2434}
}

@article{RogiervanderVeldeHarm-JanBenningaMichielPezijDenieAugustijnUniversiteitTwenteColeenCarranzaMartinevanderPloegWageningenUniversiteit2018BodemvochtErmee,
    title = {{Bodemvocht uit satellietdata: wat kan de Nederlandse waterbeheerder ermee?}},
    year = {2018},
    journal = {H2O-online},
    author = {Rogier van der Velde, Harm-Jan Benninga, Michiel Pezij, Denie Augustijn (Universiteit Twente), Coleen Carranza, Martine van der Ploeg (Wageningen Universiteit), Dimmie Hendriks (Deltares)},
    url = {https://www.h2owaternetwerk.nl/vakartikelen/bodemvocht-uit-satellietdata-wat-kan-de-nederlandse-waterbeheerder-ermee}
}

@article{Getirana2018DerivingDatasets,
    title = {{Deriving three dimensional reservoir bathymetry from multi-satellite datasets}},
    year = {2018},
    journal = {Remote Sensing of Environment},
    author = {Getirana, Augusto and Jung, Hahn Chul and Tseng, Kuo-Hsin},
    month = {11},
    pages = {366--374},
    volume = {217},
    publisher = {Elsevier},
    url = {https://www.sciencedirect.com/science/article/pii/S0034425718304061},
    doi = {10.1016/J.RSE.2018.08.030},
    issn = {0034-4257}
}

@article{Karthikeyan2017FourComparisons,
    title = {{Four decades of microwave satellite soil moisture observations: Part 2. Product validation and inter-satellite comparisons}},
    year = {2017},
    journal = {Advances in Water Resources},
    author = {Karthikeyan, L. and Pan, Ming and Wanders, Niko and Kumar, D. Nagesh and Wood, Eric F.},
    month = {11},
    pages = {236--252},
    volume = {109},
    publisher = {Elsevier},
    url = {https://www.sciencedirect.com/science/article/pii/S0309170817301860},
    doi = {10.1016/J.ADVWATRES.2017.09.010},
    issn = {0309-1708}
}

@article{Niroumand-Jadidi2018MultipleImagery,
    title = {{Multiple Optimal Depth Predictors Analysis (MODPA) for river bathymetry: Findings from spectroradiometry, simulations, and satellite imagery}},
    year = {2018},
    journal = {Remote Sensing of Environment},
    author = {Niroumand-Jadidi, Milad and Vitti, Alfonso and Lyzenga, David R.},
    month = {12},
    pages = {132--147},
    volume = {218},
    publisher = {Elsevier},
    url = {https://www.sciencedirect.com/science/article/pii/S0034425718304334},
    doi = {10.1016/J.RSE.2018.09.022},
    issn = {0034-4257}
}

@misc{NHI2019NHIPortaal,
    title = {{NHI data portaal}},
    year = {2019},
    author = {{NHI}},
    url = {https://data.nhi.nu/}
}

@article{Santi2018OnMoisture,
    title = {{On the synergy of SMAP, AMSR2 AND SENTINEL-1 for retrieving soil moisture}},
    year = {2018},
    journal = {International Journal of Applied Earth Observation and Geoinformation},
    author = {Santi, E. and Paloscia, S. and Pettinato, S. and Brocca, L. and Ciabatta, L. and Entekhabi, D.},
    month = {3},
    pages = {114--123},
    volume = {65},
    publisher = {Elsevier},
    url = {https://www.sciencedirect.com/science/article/pii/S0303243417302295},
    doi = {10.1016/J.JAG.2017.10.010},
    issn = {0303-2434}
}

@misc{Kroon2016Overzicht,
    title = {{Overzicht}},
    year = {2016},
    author = {Kroon, Timo},
    publisher = {NHI},
    url = {http://www.nhi.nu/nl/files/2014/9398/5484/NHI_symposium_30_juni_2016_-_Timo.pdf}
}

@article{Hodul2018SatelliteBathymetry,
    title = {{Satellite derived photogrammetric bathymetry}},
    year = {2018},
    journal = {ISPRS Journal of Photogrammetry and Remote Sensing},
    author = {Hod{\'{u}}l, Matúš and Bird, Stephen and Knudby, Anders and Ch{\'{e}}nier, René},
    month = {8},
    pages = {268--277},
    volume = {142},
    publisher = {Elsevier},
    url = {https://www.sciencedirect.com/science/article/pii/S0924271618301783},
    doi = {10.1016/J.ISPRSJPRS.2018.06.015},
    issn = {0924-2716}
}

@article{Paloscia2013SoilValidation,
    title = {{Soil moisture mapping using Sentinel-1 images: Algorithm and preliminary validation}},
    year = {2013},
    journal = {Remote Sensing of Environment},
    author = {Paloscia, S. and Pettinato, S. and Santi, E. and Notarnicola, C. and Pasolli, L. and Reppucci, A.},
    month = {7},
    pages = {234--248},
    volume = {134},
    publisher = {Elsevier},
    url = {https://www.sciencedirect.com/science/article/pii/S003442571300076X},
    doi = {10.1016/J.RSE.2013.02.027},
    issn = {0034-4257}
}

@article{Li2018ThePlateau,
    title = {{The Evaluation of SMAP Enhanced Soil Moisture Products Using High-Resolution Model Simulations and In-Situ Observations on the Tibetan Plateau}},
    year = {2018},
    journal = {Remote Sensing},
    author = {Li, Chengwei and Lu, Hui and Yang, Kun and Han, Menglei and Wright, Jonathon and Chen, Yingying and Yu, Le and Xu, Shiming and Huang, Xiaomeng and Gong, Wei and Li, Chengwei and Lu, Hui and Yang, Kun and Han, Menglei and Wright, Jonathon S. and Chen, Yingying and Yu, Le and Xu, Shiming and Huang, Xiaomeng and Gong, Wei},
    number = {4},
    month = {3},
    pages = {535},
    volume = {10},
    publisher = {Multidisciplinary Digital Publishing Institute},
    url = {http://www.mdpi.com/2072-4292/10/4/535},
    doi = {10.3390/rs10040535},
    issn = {2072-4292},
    keywords = {CLM simulations, Soil Moisture Active Passive, evaluation, in situ observations}
}

@article{Benninga2018TheNetherlands,
    title = {{The Raam regional soil moisture monitoring network in the Netherlands}},
    year = {2018},
    journal = {Earth System Science Data},
    author = {Benninga, Harm-Jan F. and Carranza, Coleen D. U. and Pezij, Michiel and van Santen, Pim and van der Ploeg, Martine J. and Augustijn, Denie C. M. and van der Velde, Rogier},
    number = {1},
    month = {1},
    pages = {61--79},
    volume = {10},
    publisher = {Copernicus GmbH},
    url = {https://www.earth-syst-sci-data.net/10/61/2018/},
    doi = {10.5194/essd-10-61-2018},
    issn = {1866-3516},
    keywords = {ITC-GOLD, ITC-ISI-JOURNAL-ARTICLE}
}

@misc{UnitsML_Guidelines_DraftVersion_0.4.2.docx,
    title = {{UnitsML{\_}Guidelines{\_}DraftVersion{\_}0.4.2.docx}},
    url = {https://universiteittwente-my.sharepoint.com/:w:/r/personal/s0125997_utwente_nl/_layouts/15/Doc.aspx?sourcedoc={97917dc5-9814-430b-98b1-7b31719f6ee3}&action=view}
}

@misc{UnitsML_Guidelines_DraftVersion_0.4.2.docxb,
    title = {{UnitsML{\_}Guidelines{\_}DraftVersion{\_}0.4.2.docx}},
    url = {https://universiteittwente-my.sharepoint.com/:w:/r/personal/s0125997_utwente_nl/_layouts/15/Doc.aspx?sourcedoc={97917dc5-9814-430b-98b1-7b31719f6ee3}&action=view}
}

@misc{XSDStandaardisatie,
    title = {{XSD | Forum Standaardisatie}},
    url = {https://www.forumstandaardisatie.nl/standaard/xsd}
}

@misc{XSDStandaardisatieb,
    title = {{XSD | Forum Standaardisatie}},
    url = {https://www.forumstandaardisatie.nl/standaard/xsd}
}